@article{木村広希2009サポートベクターマシンを用いた気圧配置検出手法の提案,
  title={サポートベクターマシンを用いた気圧配置検出手法の提案── 西高東低冬型を対象として──},
  author={木村広希 and 川島英之 and 日下博幸 and 北川博之},
  journal={地理学評論 Series A},
  volume={82},
  number={4},
  pages={323--331},
  year={2009},
  publisher={公益社団法人 日本地理学会}
}

@inproceedings{takasuka2024,
  author = {高須賀 匠 and 高野 雄紀 and 渡邊 正太郎 and 雲居 玄道},
  title = {自己組織化マップを用いた気圧配置のクラスタリングと1kmメッシュ天気データによる分析},
  booktitle = {情報処理学会全国大会},
  year = {2024}
}

@article{philippopoulos2014performance,
  title={Performance comparison of self-organizing maps and k-means clustering techniques for atmospheric circulation classification},
  author={Philippopoulos, Kostas and Deligiorgi, Despina and Kouroupetroglou, Georgios},
  journal={methods},
  volume={13},
  pages={14},
  year={2014}
}

@article{jiang2013classification,
  title={Classification of synoptic weather types using the self-organising map and its application to climate and air quality data visualisation},
  author={Jiang, Ningbo and Dirks, Kim N and Luo, Kehui},
  journal={Weather and Climate},
  volume={33},
  pages={52--75},
  year={2013},
  publisher={JSTOR}
}

@article{winderlich2024classification,
  title={Classification of synoptic circulation patterns with a two-stage clustering algorithm using the modified structural similarity index metric (SSIM)},
  author={Winderlich, Kristina and Dalelane, Clementine and Walter, Andreas},
  journal={Earth System Dynamics},
  volume={15},
  number={3},
  pages={607--633},
  year={2024},
  publisher={Copernicus Publications G{\"o}ttingen, Germany}
}

@article{doan2021s,
  title={S-SOM v1. 0: a structural self-organizing map algorithm for weather typing},
  author={Doan, Quang-Van and Kusaka, Hiroyuki and Sato, Takuto and Chen, Fei},
  journal={Geoscientific Model Development},
  volume={14},
  number={4},
  pages={2097--2111},
  year={2021},
  publisher={Copernicus Publications G{\"o}ttingen, Germany}
}

@article{SATOTakuto20212021-047,
  title={Statistical Intercomparison of Similarity Metrics in Sea Level Pressure Pattern Classification},
  author={SATO Takuto and KUSAKA Hiroyuki},
  journal={気象集誌. 第2輯},
  volume={advpub},
  number={ },
  pages={2021-047},
  year={2021},
  doi={10.2151/jmsj.2021-047}
}

@book{吉野2002日本の気候,
  title={日本の気候―最新データでメカニズムを考える},
  author={吉野, 正敏},
  publisher={二宮書店},
  year={2002}
}

@article{kohonen1990self,
  title={The self-organizing map},
  author={Kohonen, Teuvo},
  journal={Proceedings of the IEEE},
  volume={78},
  number={9},
  pages={1464--1480},
  year={1990},
  publisher={IEEE}
}

@misc{vettigliminisom,
  title={MiniSom: minimalistic and NumPy-based implementation of the Self Organizing Map},
  author={Giuseppe Vettigli},
  year={2018},
  url={https://github.com/JustGlowing/minisom/},
}

@article{osher1988fronts,
  title={Fronts propagating with curvature-dependent speed: Algorithms based on Hamilton-Jacobi formulations},
  author={Osher, Stanley and Sethian, James A},
  journal={Journal of computational physics},
  volume={79},
  number={1},
  pages={12--49},
  year={1988},
  publisher={Elsevier}
}

@book{docarmo1976differential,
  title={Differential Geometry of Curves and Surfaces},
  author={do Carmo, Manfredo},
  year={1976},
  publisher={Prentice-Hall},
  address={Englewood Cliffs, NJ},
  isbn={9780132125895}
}

@article{dice1945measures,
  title={Measures of the amount of ecologic association between species},
  author={Dice, Lee R},
  journal={Ecology},
  volume={26},
  number={3},
  pages={297--302},
  year={1945},
  publisher={JSTOR}
}

@article{tanimoto1958elementary,
  title={An elementary mathematical theory of classification and prediction},
  author={Tanimoto, Taffee T},
  year={1958}
}

@inproceedings{jw1973monitoring,
  title={Monitoring vegetation systems in the great plains with ERTS},
  author={Jw, Rouse},
  booktitle={Third NASA Earth Resources Technology Satellite Symposium, 1973},
  volume={1},
  pages={309--317},
  year={1973}
}

@article{canny2009computational,
  title={A computational approach to edge detection},
  author={Canny, John},
  journal={IEEE Transactions on pattern analysis and machine intelligence},
  number={6},
  pages={679--698},
  year={2009},
  publisher={Ieee}
}

@article{marr1980theory,
  title={Theory of edge detection},
  author={Marr, David and Hildreth, Ellen},
  journal={Proceedings of the Royal Society of London. Series B. Biological Sciences},
  volume={207},
  number={1167},
  pages={187--217},
  year={1980},
  publisher={The Royal Society London}
}
